<record><leader>00000cas a22000007a 4500</leader><controlfield tag="001">30303959</controlfield><controlfield tag="008">940420d193u1935cauwr ne      0    0eng d</controlfield><datafield ind1=" " ind2=" " tag="010"><subfield code="a">sn 94051520 </subfield></datafield><datafield ind1=" " ind2=" " tag="040"><subfield code="a">CNK</subfield><subfield code="b">eng</subfield><subfield code="c">CNK</subfield><subfield code="d">OCLCQ</subfield><subfield code="d">OCLCF</subfield><subfield code="d">OCLCO</subfield></datafield><datafield ind1="1" ind2=" " tag="029"><subfield code="a">AU@</subfield><subfield code="b">000025864756</subfield></datafield><datafield ind1=" " ind2=" " tag="042"><subfield code="a">msc</subfield></datafield><datafield ind1=" " ind2=" " tag="043"><subfield code="a">n-us-ca</subfield></datafield><datafield ind1="0" ind2="4" tag="245"><subfield code="a">The Carpinteria chronicle.</subfield></datafield><datafield ind1=" " ind2=" " tag="260"><subfield code="a">Carpinteria, Calif. :</subfield><subfield code="b">Linn Unkefer</subfield></datafield><datafield ind1=" " ind2=" " tag="300"><subfield code="a">v.</subfield></datafield><datafield ind1=" " ind2=" " tag="310"><subfield code="a">Weekly</subfield></datafield><datafield ind1="0" ind2=" " tag="362"><subfield code="a">-v. 3, no. 15 (May 30, 1935).</subfield></datafield><datafield ind1=" " ind2=" " tag="588"><subfield code="a">Description based on: Vol. 2, no. 2 (Mar. 1, 1934).</subfield></datafield><datafield ind1=" " ind2="0" tag="651"><subfield code="a">Carpinteria (Calif.)</subfield><subfield code="v">Newspapers.</subfield></datafield><datafield ind1=" " ind2="7" tag="655"><subfield code="a">Newspapers.</subfield><subfield code="2">fast</subfield><subfield code="0">(OCoLC)fst01423814</subfield></datafield><datafield ind1=" " ind2="7" tag="651"><subfield code="a">California</subfield><subfield code="z">Carpinteria.</subfield><subfield code="2">fast</subfield><subfield code="0">(OCoLC)fst01222721</subfield></datafield><datafield ind1=" " ind2=" " tag="752"><subfield code="a">United States</subfield><subfield code="b">California</subfield><subfield code="c">Santa Barbara</subfield><subfield code="d">Carpinteria.</subfield></datafield><datafield ind1="0" ind2="0" tag="785"><subfield code="t">Chronicle (Santa Barbara, Calif.)</subfield><subfield code="w">(DLC)sn 94051521</subfield></datafield></record>